%YAML 1.1
%TAG !u! tag:unity3d.com,2011:
--- !u!1 &2778845058792018198
GameObject:
  m_ObjectHideFlags: 0
  m_CorrespondingSourceObject: {fileID: 0}
  m_PrefabInstance: {fileID: 0}
  m_PrefabAsset: {fileID: 0}
  serializedVersion: 6
  m_Component:
  - component: {fileID: 2778845058792018197}
  - component: {fileID: 2778845058792018196}
  m_Layer: 0
  m_Name: EnemyManager
  m_TagString: EnemyManager
  m_Icon: {fileID: 0}
  m_NavMeshLayer: 0
  m_StaticEditorFlags: 0
  m_IsActive: 1
--- !u!4 &2778845058792018197
Transform:
  m_ObjectHideFlags: 0
  m_CorrespondingSourceObject: {fileID: 0}
  m_PrefabInstance: {fileID: 0}
  m_PrefabAsset: {fileID: 0}
  m_GameObject: {fileID: 2778845058792018198}
  m_LocalRotation: {x: -0, y: -0, z: -0, w: 1}
  m_LocalPosition: {x: 0, y: 0, z: 0}
  m_LocalScale: {x: 1, y: 1, z: 1}
  m_Children:
  - {fileID: 1912743086837972747}
  - {fileID: 2386208237667631718}
  - {fileID: 2386208236848986715}
  - {fileID: 2386208238055368986}
  - {fileID: 2386208236442173039}
  - {fileID: 2386208237336043962}
  - {fileID: 2386208237614272603}
  - {fileID: 2386208237867396674}
  - {fileID: 2386208236232526445}
  - {fileID: 2386208237456602714}
  - {fileID: 2386208236673855366}
  - {fileID: 2386208236295597393}
  - {fileID: 2386208236196565136}
  - {fileID: 2386208238197762117}
  - {fileID: 2386208236492872611}
  - {fileID: 2386208237798829552}
  - {fileID: 2386208237643153979}
  - {fileID: 2386208236715319481}
  - {fileID: 2386208237504025776}
  - {fileID: 2386208237878462115}
  m_Father: {fileID: 0}
  m_RootOrder: 0
  m_LocalEulerAnglesHint: {x: 0, y: 0, z: 0}
--- !u!114 &2778845058792018196
MonoBehaviour:
  m_ObjectHideFlags: 0
  m_CorrespondingSourceObject: {fileID: 0}
  m_PrefabInstance: {fileID: 0}
  m_PrefabAsset: {fileID: 0}
  m_GameObject: {fileID: 2778845058792018198}
  m_Enabled: 1
  m_EditorHideFlags: 0
  m_Script: {fileID: 11500000, guid: 729e662701bff2046aea2e8f4130fc85, type: 3}
  m_Name: 
  m_EditorClassIdentifier: 
  OldManList: []
--- !u!1001 &2091533695068956441
PrefabInstance:
  m_ObjectHideFlags: 0
  serializedVersion: 2
  m_Modification:
    m_TransformParent: {fileID: 2778845058792018197}
    m_Modifications:
    - target: {fileID: 544358742948829201, guid: 6d3e6756102541449b7a3014e0df9bcd,
        type: 3}
      propertyPath: m_Name
      value: MechaAnderson
      objectReference: {fileID: 0}
    - target: {fileID: 544358742948829201, guid: 6d3e6756102541449b7a3014e0df9bcd,
        type: 3}
      propertyPath: m_IsActive
      value: 1
      objectReference: {fileID: 0}
    - target: {fileID: 544358742948829202, guid: 6d3e6756102541449b7a3014e0df9bcd,
        type: 3}
      propertyPath: m_LocalPosition.x
      value: 3
      objectReference: {fileID: 0}
    - target: {fileID: 544358742948829202, guid: 6d3e6756102541449b7a3014e0df9bcd,
        type: 3}
      propertyPath: m_LocalPosition.y
      value: 0
      objectReference: {fileID: 0}
    - target: {fileID: 544358742948829202, guid: 6d3e6756102541449b7a3014e0df9bcd,
        type: 3}
      propertyPath: m_LocalPosition.z
      value: 6
      objectReference: {fileID: 0}
    - target: {fileID: 544358742948829202, guid: 6d3e6756102541449b7a3014e0df9bcd,
        type: 3}
      propertyPath: m_LocalRotation.x
      value: -0
      objectReference: {fileID: 0}
    - target: {fileID: 544358742948829202, guid: 6d3e6756102541449b7a3014e0df9bcd,
        type: 3}
      propertyPath: m_LocalRotation.y
      value: -0
      objectReference: {fileID: 0}
    - target: {fileID: 544358742948829202, guid: 6d3e6756102541449b7a3014e0df9bcd,
        type: 3}
      propertyPath: m_LocalRotation.z
      value: -0
      objectReference: {fileID: 0}
    - target: {fileID: 544358742948829202, guid: 6d3e6756102541449b7a3014e0df9bcd,
        type: 3}
      propertyPath: m_LocalRotation.w
      value: 1
      objectReference: {fileID: 0}
    - target: {fileID: 544358742948829202, guid: 6d3e6756102541449b7a3014e0df9bcd,
        type: 3}
      propertyPath: m_RootOrder
      value: 0
      objectReference: {fileID: 0}
    - target: {fileID: 544358742948829202, guid: 6d3e6756102541449b7a3014e0df9bcd,
        type: 3}
      propertyPath: m_LocalEulerAnglesHint.x
      value: 0
      objectReference: {fileID: 0}
    - target: {fileID: 544358742948829202, guid: 6d3e6756102541449b7a3014e0df9bcd,
        type: 3}
      propertyPath: m_LocalEulerAnglesHint.y
      value: 0
      objectReference: {fileID: 0}
    - target: {fileID: 544358742948829202, guid: 6d3e6756102541449b7a3014e0df9bcd,
        type: 3}
      propertyPath: m_LocalEulerAnglesHint.z
      value: 0
      objectReference: {fileID: 0}
    m_RemovedComponents: []
  m_SourcePrefab: {fileID: 100100000, guid: 6d3e6756102541449b7a3014e0df9bcd, type: 3}
--- !u!4 &1912743086837972747 stripped
Transform:
  m_CorrespondingSourceObject: {fileID: 544358742948829202, guid: 6d3e6756102541449b7a3014e0df9bcd,
    type: 3}
  m_PrefabInstance: {fileID: 2091533695068956441}
  m_PrefabAsset: {fileID: 0}
--- !u!1001 &2778845058172235863
PrefabInstance:
  m_ObjectHideFlags: 0
  serializedVersion: 2
  m_Modification:
    m_TransformParent: {fileID: 2778845058792018197}
    m_Modifications:
    - target: {fileID: 544358742948829201, guid: 6d3e6756102541449b7a3014e0df9bcd,
        type: 3}
      propertyPath: m_Name
      value: MechaAnderson
      objectReference: {fileID: 0}
    - target: {fileID: 544358742948829201, guid: 6d3e6756102541449b7a3014e0df9bcd,
        type: 3}
      propertyPath: m_IsActive
      value: 1
      objectReference: {fileID: 0}
    - target: {fileID: 544358742948829202, guid: 6d3e6756102541449b7a3014e0df9bcd,
        type: 3}
      propertyPath: m_LocalPosition.x
      value: 20
      objectReference: {fileID: 0}
    - target: {fileID: 544358742948829202, guid: 6d3e6756102541449b7a3014e0df9bcd,
        type: 3}
      propertyPath: m_LocalPosition.y
      value: 0
      objectReference: {fileID: 0}
    - target: {fileID: 544358742948829202, guid: 6d3e6756102541449b7a3014e0df9bcd,
        type: 3}
      propertyPath: m_LocalPosition.z
      value: 2
      objectReference: {fileID: 0}
    - target: {fileID: 544358742948829202, guid: 6d3e6756102541449b7a3014e0df9bcd,
        type: 3}
      propertyPath: m_LocalRotation.x
      value: -0
      objectReference: {fileID: 0}
    - target: {fileID: 544358742948829202, guid: 6d3e6756102541449b7a3014e0df9bcd,
        type: 3}
      propertyPath: m_LocalRotation.y
      value: -0
      objectReference: {fileID: 0}
    - target: {fileID: 544358742948829202, guid: 6d3e6756102541449b7a3014e0df9bcd,
        type: 3}
      propertyPath: m_LocalRotation.z
      value: -0
      objectReference: {fileID: 0}
    - target: {fileID: 544358742948829202, guid: 6d3e6756102541449b7a3014e0df9bcd,
        type: 3}
      propertyPath: m_LocalRotation.w
      value: 1
      objectReference: {fileID: 0}
    - target: {fileID: 544358742948829202, guid: 6d3e6756102541449b7a3014e0df9bcd,
        type: 3}
      propertyPath: m_RootOrder
      value: 13
      objectReference: {fileID: 0}
    - target: {fileID: 544358742948829202, guid: 6d3e6756102541449b7a3014e0df9bcd,
        type: 3}
      propertyPath: m_LocalEulerAnglesHint.x
      value: 0
      objectReference: {fileID: 0}
    - target: {fileID: 544358742948829202, guid: 6d3e6756102541449b7a3014e0df9bcd,
        type: 3}
      propertyPath: m_LocalEulerAnglesHint.y
      value: 0
      objectReference: {fileID: 0}
    - target: {fileID: 544358742948829202, guid: 6d3e6756102541449b7a3014e0df9bcd,
        type: 3}
      propertyPath: m_LocalEulerAnglesHint.z
      value: 0
      objectReference: {fileID: 0}
    m_RemovedComponents: []
  m_SourcePrefab: {fileID: 100100000, guid: 6d3e6756102541449b7a3014e0df9bcd, type: 3}
--- !u!4 &2386208238197762117 stripped
Transform:
  m_CorrespondingSourceObject: {fileID: 544358742948829202, guid: 6d3e6756102541449b7a3014e0df9bcd,
    type: 3}
  m_PrefabInstance: {fileID: 2778845058172235863}
  m_PrefabAsset: {fileID: 0}
--- !u!1001 &2778845058314629384
PrefabInstance:
  m_ObjectHideFlags: 0
  serializedVersion: 2
  m_Modification:
    m_TransformParent: {fileID: 2778845058792018197}
    m_Modifications:
    - target: {fileID: 544358742948829201, guid: 6d3e6756102541449b7a3014e0df9bcd,
        type: 3}
      propertyPath: m_Name
      value: MechaAnderson
      objectReference: {fileID: 0}
    - target: {fileID: 544358742948829201, guid: 6d3e6756102541449b7a3014e0df9bcd,
        type: 3}
      propertyPath: m_IsActive
      value: 1
      objectReference: {fileID: 0}
    - target: {fileID: 544358742948829202, guid: 6d3e6756102541449b7a3014e0df9bcd,
        type: 3}
      propertyPath: m_LocalPosition.x
      value: 10
      objectReference: {fileID: 0}
    - target: {fileID: 544358742948829202, guid: 6d3e6756102541449b7a3014e0df9bcd,
        type: 3}
      propertyPath: m_LocalPosition.y
      value: 0
      objectReference: {fileID: 0}
    - target: {fileID: 544358742948829202, guid: 6d3e6756102541449b7a3014e0df9bcd,
        type: 3}
      propertyPath: m_LocalPosition.z
      value: 24
      objectReference: {fileID: 0}
    - target: {fileID: 544358742948829202, guid: 6d3e6756102541449b7a3014e0df9bcd,
        type: 3}
      propertyPath: m_LocalRotation.x
      value: -0
      objectReference: {fileID: 0}
    - target: {fileID: 544358742948829202, guid: 6d3e6756102541449b7a3014e0df9bcd,
        type: 3}
      propertyPath: m_LocalRotation.y
      value: -0
      objectReference: {fileID: 0}
    - target: {fileID: 544358742948829202, guid: 6d3e6756102541449b7a3014e0df9bcd,
        type: 3}
      propertyPath: m_LocalRotation.z
      value: -0
      objectReference: {fileID: 0}
    - target: {fileID: 544358742948829202, guid: 6d3e6756102541449b7a3014e0df9bcd,
        type: 3}
      propertyPath: m_LocalRotation.w
      value: 1
      objectReference: {fileID: 0}
    - target: {fileID: 544358742948829202, guid: 6d3e6756102541449b7a3014e0df9bcd,
        type: 3}
      propertyPath: m_RootOrder
      value: 3
      objectReference: {fileID: 0}
    - target: {fileID: 544358742948829202, guid: 6d3e6756102541449b7a3014e0df9bcd,
        type: 3}
      propertyPath: m_LocalEulerAnglesHint.x
      value: 0
      objectReference: {fileID: 0}
    - target: {fileID: 544358742948829202, guid: 6d3e6756102541449b7a3014e0df9bcd,
        type: 3}
      propertyPath: m_LocalEulerAnglesHint.y
      value: 0
      objectReference: {fileID: 0}
    - target: {fileID: 544358742948829202, guid: 6d3e6756102541449b7a3014e0df9bcd,
        type: 3}
      propertyPath: m_LocalEulerAnglesHint.z
      value: 0
      objectReference: {fileID: 0}
    m_RemovedComponents: []
  m_SourcePrefab: {fileID: 100100000, guid: 6d3e6756102541449b7a3014e0df9bcd, type: 3}
--- !u!4 &2386208238055368986 stripped
Transform:
  m_CorrespondingSourceObject: {fileID: 544358742948829202, guid: 6d3e6756102541449b7a3014e0df9bcd,
    type: 3}
  m_PrefabInstance: {fileID: 2778845058314629384}
  m_PrefabAsset: {fileID: 0}
--- !u!1001 &2778845058488377009
PrefabInstance:
  m_ObjectHideFlags: 0
  serializedVersion: 2
  m_Modification:
    m_TransformParent: {fileID: 2778845058792018197}
    m_Modifications:
    - target: {fileID: 544358742948829201, guid: aa70be271a19b764397edf6d7276d350,
        type: 3}
      propertyPath: m_Name
      value: OldMan
      objectReference: {fileID: 0}
    - target: {fileID: 544358742948829202, guid: aa70be271a19b764397edf6d7276d350,
        type: 3}
      propertyPath: m_LocalPosition.x
      value: 23
      objectReference: {fileID: 0}
    - target: {fileID: 544358742948829202, guid: aa70be271a19b764397edf6d7276d350,
        type: 3}
      propertyPath: m_LocalPosition.y
      value: 0
      objectReference: {fileID: 0}
    - target: {fileID: 544358742948829202, guid: aa70be271a19b764397edf6d7276d350,
        type: 3}
      propertyPath: m_LocalPosition.z
      value: 21
      objectReference: {fileID: 0}
    - target: {fileID: 544358742948829202, guid: aa70be271a19b764397edf6d7276d350,
        type: 3}
      propertyPath: m_LocalRotation.x
      value: -0
      objectReference: {fileID: 0}
    - target: {fileID: 544358742948829202, guid: aa70be271a19b764397edf6d7276d350,
        type: 3}
      propertyPath: m_LocalRotation.y
      value: -0
      objectReference: {fileID: 0}
    - target: {fileID: 544358742948829202, guid: aa70be271a19b764397edf6d7276d350,
        type: 3}
      propertyPath: m_LocalRotation.z
      value: -0
      objectReference: {fileID: 0}
    - target: {fileID: 544358742948829202, guid: aa70be271a19b764397edf6d7276d350,
        type: 3}
      propertyPath: m_LocalRotation.w
      value: 1
      objectReference: {fileID: 0}
    - target: {fileID: 544358742948829202, guid: aa70be271a19b764397edf6d7276d350,
        type: 3}
      propertyPath: m_RootOrder
      value: 19
      objectReference: {fileID: 0}
    - target: {fileID: 544358742948829202, guid: aa70be271a19b764397edf6d7276d350,
        type: 3}
      propertyPath: m_LocalEulerAnglesHint.x
      value: 0
      objectReference: {fileID: 0}
    - target: {fileID: 544358742948829202, guid: aa70be271a19b764397edf6d7276d350,
        type: 3}
      propertyPath: m_LocalEulerAnglesHint.y
      value: 0
      objectReference: {fileID: 0}
    - target: {fileID: 544358742948829202, guid: aa70be271a19b764397edf6d7276d350,
        type: 3}
      propertyPath: m_LocalEulerAnglesHint.z
      value: 0
      objectReference: {fileID: 0}
    m_RemovedComponents: []
  m_SourcePrefab: {fileID: 100100000, guid: aa70be271a19b764397edf6d7276d350, type: 3}
--- !u!4 &2386208237878462115 stripped
Transform:
  m_CorrespondingSourceObject: {fileID: 544358742948829202, guid: aa70be271a19b764397edf6d7276d350,
    type: 3}
  m_PrefabInstance: {fileID: 2778845058488377009}
  m_PrefabAsset: {fileID: 0}
--- !u!1001 &2778845058502604368
PrefabInstance:
  m_ObjectHideFlags: 0
  serializedVersion: 2
  m_Modification:
    m_TransformParent: {fileID: 2778845058792018197}
    m_Modifications:
    - target: {fileID: 544358742948829201, guid: 6d3e6756102541449b7a3014e0df9bcd,
        type: 3}
      propertyPath: m_Name
      value: MechaAnderson
      objectReference: {fileID: 0}
    - target: {fileID: 544358742948829201, guid: 6d3e6756102541449b7a3014e0df9bcd,
        type: 3}
      propertyPath: m_IsActive
      value: 1
      objectReference: {fileID: 0}
    - target: {fileID: 544358742948829202, guid: 6d3e6756102541449b7a3014e0df9bcd,
        type: 3}
      propertyPath: m_LocalPosition.x
      value: 8
      objectReference: {fileID: 0}
    - target: {fileID: 544358742948829202, guid: 6d3e6756102541449b7a3014e0df9bcd,
        type: 3}
      propertyPath: m_LocalPosition.y
      value: 0
      objectReference: {fileID: 0}
    - target: {fileID: 544358742948829202, guid: 6d3e6756102541449b7a3014e0df9bcd,
        type: 3}
      propertyPath: m_LocalPosition.z
      value: 26
      objectReference: {fileID: 0}
    - target: {fileID: 544358742948829202, guid: 6d3e6756102541449b7a3014e0df9bcd,
        type: 3}
      propertyPath: m_LocalRotation.x
      value: -0
      objectReference: {fileID: 0}
    - target: {fileID: 544358742948829202, guid: 6d3e6756102541449b7a3014e0df9bcd,
        type: 3}
      propertyPath: m_LocalRotation.y
      value: -0
      objectReference: {fileID: 0}
    - target: {fileID: 544358742948829202, guid: 6d3e6756102541449b7a3014e0df9bcd,
        type: 3}
      propertyPath: m_LocalRotation.z
      value: -0
      objectReference: {fileID: 0}
    - target: {fileID: 544358742948829202, guid: 6d3e6756102541449b7a3014e0df9bcd,
        type: 3}
      propertyPath: m_LocalRotation.w
      value: 1
      objectReference: {fileID: 0}
    - target: {fileID: 544358742948829202, guid: 6d3e6756102541449b7a3014e0df9bcd,
        type: 3}
      propertyPath: m_RootOrder
      value: 7
      objectReference: {fileID: 0}
    - target: {fileID: 544358742948829202, guid: 6d3e6756102541449b7a3014e0df9bcd,
        type: 3}
      propertyPath: m_LocalEulerAnglesHint.x
      value: 0
      objectReference: {fileID: 0}
    - target: {fileID: 544358742948829202, guid: 6d3e6756102541449b7a3014e0df9bcd,
        type: 3}
      propertyPath: m_LocalEulerAnglesHint.y
      value: 0
      objectReference: {fileID: 0}
    - target: {fileID: 544358742948829202, guid: 6d3e6756102541449b7a3014e0df9bcd,
        type: 3}
      propertyPath: m_LocalEulerAnglesHint.z
      value: 0
      objectReference: {fileID: 0}
    m_RemovedComponents: []
  m_SourcePrefab: {fileID: 100100000, guid: 6d3e6756102541449b7a3014e0df9bcd, type: 3}
--- !u!4 &2386208237867396674 stripped
Transform:
  m_CorrespondingSourceObject: {fileID: 544358742948829202, guid: 6d3e6756102541449b7a3014e0df9bcd,
    type: 3}
  m_PrefabInstance: {fileID: 2778845058502604368}
  m_PrefabAsset: {fileID: 0}
--- !u!1001 &2778845058568025570
PrefabInstance:
  m_ObjectHideFlags: 0
  serializedVersion: 2
  m_Modification:
    m_TransformParent: {fileID: 2778845058792018197}
    m_Modifications:
    - target: {fileID: 544358742948829201, guid: 6d3e6756102541449b7a3014e0df9bcd,
        type: 3}
      propertyPath: m_Name
      value: MechaAnderson
      objectReference: {fileID: 0}
    - target: {fileID: 544358742948829201, guid: 6d3e6756102541449b7a3014e0df9bcd,
        type: 3}
      propertyPath: m_IsActive
      value: 1
      objectReference: {fileID: 0}
    - target: {fileID: 544358742948829202, guid: 6d3e6756102541449b7a3014e0df9bcd,
        type: 3}
      propertyPath: m_LocalPosition.x
      value: 23
      objectReference: {fileID: 0}
    - target: {fileID: 544358742948829202, guid: 6d3e6756102541449b7a3014e0df9bcd,
        type: 3}
      propertyPath: m_LocalPosition.y
      value: 0
      objectReference: {fileID: 0}
    - target: {fileID: 544358742948829202, guid: 6d3e6756102541449b7a3014e0df9bcd,
        type: 3}
      propertyPath: m_LocalPosition.z
      value: 5
      objectReference: {fileID: 0}
    - target: {fileID: 544358742948829202, guid: 6d3e6756102541449b7a3014e0df9bcd,
        type: 3}
      propertyPath: m_LocalRotation.x
      value: -0
      objectReference: {fileID: 0}
    - target: {fileID: 544358742948829202, guid: 6d3e6756102541449b7a3014e0df9bcd,
        type: 3}
      propertyPath: m_LocalRotation.y
      value: -0
      objectReference: {fileID: 0}
    - target: {fileID: 544358742948829202, guid: 6d3e6756102541449b7a3014e0df9bcd,
        type: 3}
      propertyPath: m_LocalRotation.z
      value: -0
      objectReference: {fileID: 0}
    - target: {fileID: 544358742948829202, guid: 6d3e6756102541449b7a3014e0df9bcd,
        type: 3}
      propertyPath: m_LocalRotation.w
      value: 1
      objectReference: {fileID: 0}
    - target: {fileID: 544358742948829202, guid: 6d3e6756102541449b7a3014e0df9bcd,
        type: 3}
      propertyPath: m_RootOrder
      value: 15
      objectReference: {fileID: 0}
    - target: {fileID: 544358742948829202, guid: 6d3e6756102541449b7a3014e0df9bcd,
        type: 3}
      propertyPath: m_LocalEulerAnglesHint.x
      value: 0
      objectReference: {fileID: 0}
    - target: {fileID: 544358742948829202, guid: 6d3e6756102541449b7a3014e0df9bcd,
        type: 3}
      propertyPath: m_LocalEulerAnglesHint.y
      value: 0
      objectReference: {fileID: 0}
    - target: {fileID: 544358742948829202, guid: 6d3e6756102541449b7a3014e0df9bcd,
        type: 3}
      propertyPath: m_LocalEulerAnglesHint.z
      value: 0
      objectReference: {fileID: 0}
    m_RemovedComponents: []
  m_SourcePrefab: {fileID: 100100000, guid: 6d3e6756102541449b7a3014e0df9bcd, type: 3}
--- !u!4 &2386208237798829552 stripped
Transform:
  m_CorrespondingSourceObject: {fileID: 544358742948829202, guid: 6d3e6756102541449b7a3014e0df9bcd,
    type: 3}
  m_PrefabInstance: {fileID: 2778845058568025570}
  m_PrefabAsset: {fileID: 0}
--- !u!1001 &2778845058699205236
PrefabInstance:
  m_ObjectHideFlags: 0
  serializedVersion: 2
  m_Modification:
    m_TransformParent: {fileID: 2778845058792018197}
    m_Modifications:
    - target: {fileID: 544358742948829201, guid: 6d3e6756102541449b7a3014e0df9bcd,
        type: 3}
      propertyPath: m_Name
      value: MechaAnderson
      objectReference: {fileID: 0}
    - target: {fileID: 544358742948829201, guid: 6d3e6756102541449b7a3014e0df9bcd,
        type: 3}
      propertyPath: m_IsActive
      value: 1
      objectReference: {fileID: 0}
    - target: {fileID: 544358742948829202, guid: 6d3e6756102541449b7a3014e0df9bcd,
        type: 3}
      propertyPath: m_LocalPosition.x
      value: 2
      objectReference: {fileID: 0}
    - target: {fileID: 544358742948829202, guid: 6d3e6756102541449b7a3014e0df9bcd,
        type: 3}
      propertyPath: m_LocalPosition.y
      value: 0
      objectReference: {fileID: 0}
    - target: {fileID: 544358742948829202, guid: 6d3e6756102541449b7a3014e0df9bcd,
        type: 3}
      propertyPath: m_LocalPosition.z
      value: 14
      objectReference: {fileID: 0}
    - target: {fileID: 544358742948829202, guid: 6d3e6756102541449b7a3014e0df9bcd,
        type: 3}
      propertyPath: m_LocalRotation.x
      value: -0
      objectReference: {fileID: 0}
    - target: {fileID: 544358742948829202, guid: 6d3e6756102541449b7a3014e0df9bcd,
        type: 3}
      propertyPath: m_LocalRotation.y
      value: -0
      objectReference: {fileID: 0}
    - target: {fileID: 544358742948829202, guid: 6d3e6756102541449b7a3014e0df9bcd,
        type: 3}
      propertyPath: m_LocalRotation.z
      value: -0
      objectReference: {fileID: 0}
    - target: {fileID: 544358742948829202, guid: 6d3e6756102541449b7a3014e0df9bcd,
        type: 3}
      propertyPath: m_LocalRotation.w
      value: 1
      objectReference: {fileID: 0}
    - target: {fileID: 544358742948829202, guid: 6d3e6756102541449b7a3014e0df9bcd,
        type: 3}
      propertyPath: m_RootOrder
      value: 1
      objectReference: {fileID: 0}
    - target: {fileID: 544358742948829202, guid: 6d3e6756102541449b7a3014e0df9bcd,
        type: 3}
      propertyPath: m_LocalEulerAnglesHint.x
      value: 0
      objectReference: {fileID: 0}
    - target: {fileID: 544358742948829202, guid: 6d3e6756102541449b7a3014e0df9bcd,
        type: 3}
      propertyPath: m_LocalEulerAnglesHint.y
      value: 0
      objectReference: {fileID: 0}
    - target: {fileID: 544358742948829202, guid: 6d3e6756102541449b7a3014e0df9bcd,
        type: 3}
      propertyPath: m_LocalEulerAnglesHint.z
      value: 0
      objectReference: {fileID: 0}
    m_RemovedComponents: []
  m_SourcePrefab: {fileID: 100100000, guid: 6d3e6756102541449b7a3014e0df9bcd, type: 3}
--- !u!4 &2386208237667631718 stripped
Transform:
  m_CorrespondingSourceObject: {fileID: 544358742948829202, guid: 6d3e6756102541449b7a3014e0df9bcd,
    type: 3}
  m_PrefabInstance: {fileID: 2778845058699205236}
  m_PrefabAsset: {fileID: 0}
--- !u!1001 &2778845058722634281
PrefabInstance:
  m_ObjectHideFlags: 0
  serializedVersion: 2
  m_Modification:
    m_TransformParent: {fileID: 2778845058792018197}
    m_Modifications:
    - target: {fileID: 544358742948829201, guid: aa70be271a19b764397edf6d7276d350,
        type: 3}
      propertyPath: m_Name
      value: OldMan
      objectReference: {fileID: 0}
    - target: {fileID: 544358742948829202, guid: aa70be271a19b764397edf6d7276d350,
        type: 3}
      propertyPath: m_LocalPosition.x
      value: 3
      objectReference: {fileID: 0}
    - target: {fileID: 544358742948829202, guid: aa70be271a19b764397edf6d7276d350,
        type: 3}
      propertyPath: m_LocalPosition.y
      value: 0
      objectReference: {fileID: 0}
    - target: {fileID: 544358742948829202, guid: aa70be271a19b764397edf6d7276d350,
        type: 3}
      propertyPath: m_LocalPosition.z
      value: 5.806
      objectReference: {fileID: 0}
    - target: {fileID: 544358742948829202, guid: aa70be271a19b764397edf6d7276d350,
        type: 3}
      propertyPath: m_LocalRotation.x
      value: -0
      objectReference: {fileID: 0}
    - target: {fileID: 544358742948829202, guid: aa70be271a19b764397edf6d7276d350,
        type: 3}
      propertyPath: m_LocalRotation.y
      value: -0
      objectReference: {fileID: 0}
    - target: {fileID: 544358742948829202, guid: aa70be271a19b764397edf6d7276d350,
        type: 3}
      propertyPath: m_LocalRotation.z
      value: -0
      objectReference: {fileID: 0}
    - target: {fileID: 544358742948829202, guid: aa70be271a19b764397edf6d7276d350,
        type: 3}
      propertyPath: m_LocalRotation.w
      value: 1
      objectReference: {fileID: 0}
    - target: {fileID: 544358742948829202, guid: aa70be271a19b764397edf6d7276d350,
        type: 3}
      propertyPath: m_RootOrder
      value: 16
      objectReference: {fileID: 0}
    - target: {fileID: 544358742948829202, guid: aa70be271a19b764397edf6d7276d350,
        type: 3}
      propertyPath: m_LocalEulerAnglesHint.x
      value: 0
      objectReference: {fileID: 0}
    - target: {fileID: 544358742948829202, guid: aa70be271a19b764397edf6d7276d350,
        type: 3}
      propertyPath: m_LocalEulerAnglesHint.y
      value: 0
      objectReference: {fileID: 0}
    - target: {fileID: 544358742948829202, guid: aa70be271a19b764397edf6d7276d350,
        type: 3}
      propertyPath: m_LocalEulerAnglesHint.z
      value: 0
      objectReference: {fileID: 0}
    m_RemovedComponents: []
  m_SourcePrefab: {fileID: 100100000, guid: aa70be271a19b764397edf6d7276d350, type: 3}
--- !u!4 &2386208237643153979 stripped
Transform:
  m_CorrespondingSourceObject: {fileID: 544358742948829202, guid: aa70be271a19b764397edf6d7276d350,
    type: 3}
  m_PrefabInstance: {fileID: 2778845058722634281}
  m_PrefabAsset: {fileID: 0}
--- !u!1001 &2778845058752563273
PrefabInstance:
  m_ObjectHideFlags: 0
  serializedVersion: 2
  m_Modification:
    m_TransformParent: {fileID: 2778845058792018197}
    m_Modifications:
    - target: {fileID: 544358742948829201, guid: 6d3e6756102541449b7a3014e0df9bcd,
        type: 3}
      propertyPath: m_Name
      value: MechaAnderson
      objectReference: {fileID: 0}
    - target: {fileID: 544358742948829201, guid: 6d3e6756102541449b7a3014e0df9bcd,
        type: 3}
      propertyPath: m_IsActive
      value: 1
      objectReference: {fileID: 0}
    - target: {fileID: 544358742948829202, guid: 6d3e6756102541449b7a3014e0df9bcd,
        type: 3}
      propertyPath: m_LocalPosition.x
      value: 12
      objectReference: {fileID: 0}
    - target: {fileID: 544358742948829202, guid: 6d3e6756102541449b7a3014e0df9bcd,
        type: 3}
      propertyPath: m_LocalPosition.y
      value: 0
      objectReference: {fileID: 0}
    - target: {fileID: 544358742948829202, guid: 6d3e6756102541449b7a3014e0df9bcd,
        type: 3}
      propertyPath: m_LocalPosition.z
      value: 24
      objectReference: {fileID: 0}
    - target: {fileID: 544358742948829202, guid: 6d3e6756102541449b7a3014e0df9bcd,
        type: 3}
      propertyPath: m_LocalRotation.x
      value: -0
      objectReference: {fileID: 0}
    - target: {fileID: 544358742948829202, guid: 6d3e6756102541449b7a3014e0df9bcd,
        type: 3}
      propertyPath: m_LocalRotation.y
      value: -0
      objectReference: {fileID: 0}
    - target: {fileID: 544358742948829202, guid: 6d3e6756102541449b7a3014e0df9bcd,
        type: 3}
      propertyPath: m_LocalRotation.z
      value: -0
      objectReference: {fileID: 0}
    - target: {fileID: 544358742948829202, guid: 6d3e6756102541449b7a3014e0df9bcd,
        type: 3}
      propertyPath: m_LocalRotation.w
      value: 1
      objectReference: {fileID: 0}
    - target: {fileID: 544358742948829202, guid: 6d3e6756102541449b7a3014e0df9bcd,
        type: 3}
      propertyPath: m_RootOrder
      value: 6
      objectReference: {fileID: 0}
    - target: {fileID: 544358742948829202, guid: 6d3e6756102541449b7a3014e0df9bcd,
        type: 3}
      propertyPath: m_LocalEulerAnglesHint.x
      value: 0
      objectReference: {fileID: 0}
    - target: {fileID: 544358742948829202, guid: 6d3e6756102541449b7a3014e0df9bcd,
        type: 3}
      propertyPath: m_LocalEulerAnglesHint.y
      value: 0
      objectReference: {fileID: 0}
    - target: {fileID: 544358742948829202, guid: 6d3e6756102541449b7a3014e0df9bcd,
        type: 3}
      propertyPath: m_LocalEulerAnglesHint.z
      value: 0
      objectReference: {fileID: 0}
    m_RemovedComponents: []
  m_SourcePrefab: {fileID: 100100000, guid: 6d3e6756102541449b7a3014e0df9bcd, type: 3}
--- !u!4 &2386208237614272603 stripped
Transform:
  m_CorrespondingSourceObject: {fileID: 544358742948829202, guid: 6d3e6756102541449b7a3014e0df9bcd,
    type: 3}
  m_PrefabInstance: {fileID: 2778845058752563273}
  m_PrefabAsset: {fileID: 0}
--- !u!1001 &2778845058862812322
PrefabInstance:
  m_ObjectHideFlags: 0
  serializedVersion: 2
  m_Modification:
    m_TransformParent: {fileID: 2778845058792018197}
    m_Modifications:
    - target: {fileID: 544358742948829201, guid: aa70be271a19b764397edf6d7276d350,
        type: 3}
      propertyPath: m_Name
      value: OldMan
      objectReference: {fileID: 0}
    - target: {fileID: 544358742948829202, guid: aa70be271a19b764397edf6d7276d350,
        type: 3}
      propertyPath: m_LocalPosition.x
      value: 22
      objectReference: {fileID: 0}
    - target: {fileID: 544358742948829202, guid: aa70be271a19b764397edf6d7276d350,
        type: 3}
      propertyPath: m_LocalPosition.y
      value: 0
      objectReference: {fileID: 0}
    - target: {fileID: 544358742948829202, guid: aa70be271a19b764397edf6d7276d350,
        type: 3}
      propertyPath: m_LocalPosition.z
      value: 14
      objectReference: {fileID: 0}
    - target: {fileID: 544358742948829202, guid: aa70be271a19b764397edf6d7276d350,
        type: 3}
      propertyPath: m_LocalRotation.x
      value: -0
      objectReference: {fileID: 0}
    - target: {fileID: 544358742948829202, guid: aa70be271a19b764397edf6d7276d350,
        type: 3}
      propertyPath: m_LocalRotation.y
      value: -0
      objectReference: {fileID: 0}
    - target: {fileID: 544358742948829202, guid: aa70be271a19b764397edf6d7276d350,
        type: 3}
      propertyPath: m_LocalRotation.z
      value: -0
      objectReference: {fileID: 0}
    - target: {fileID: 544358742948829202, guid: aa70be271a19b764397edf6d7276d350,
        type: 3}
      propertyPath: m_LocalRotation.w
      value: 1
      objectReference: {fileID: 0}
    - target: {fileID: 544358742948829202, guid: aa70be271a19b764397edf6d7276d350,
        type: 3}
      propertyPath: m_RootOrder
      value: 18
      objectReference: {fileID: 0}
    - target: {fileID: 544358742948829202, guid: aa70be271a19b764397edf6d7276d350,
        type: 3}
      propertyPath: m_LocalEulerAnglesHint.x
      value: 0
      objectReference: {fileID: 0}
    - target: {fileID: 544358742948829202, guid: aa70be271a19b764397edf6d7276d350,
        type: 3}
      propertyPath: m_LocalEulerAnglesHint.y
      value: 0
      objectReference: {fileID: 0}
    - target: {fileID: 544358742948829202, guid: aa70be271a19b764397edf6d7276d350,
        type: 3}
      propertyPath: m_LocalEulerAnglesHint.z
      value: 0
      objectReference: {fileID: 0}
    m_RemovedComponents: []
  m_SourcePrefab: {fileID: 100100000, guid: aa70be271a19b764397edf6d7276d350, type: 3}
--- !u!4 &2386208237504025776 stripped
Transform:
  m_CorrespondingSourceObject: {fileID: 544358742948829202, guid: aa70be271a19b764397edf6d7276d350,
    type: 3}
  m_PrefabInstance: {fileID: 2778845058862812322}
  m_PrefabAsset: {fileID: 0}
--- !u!1001 &2778845058913398344
PrefabInstance:
  m_ObjectHideFlags: 0
  serializedVersion: 2
  m_Modification:
    m_TransformParent: {fileID: 2778845058792018197}
    m_Modifications:
    - target: {fileID: 544358742948829201, guid: 6d3e6756102541449b7a3014e0df9bcd,
        type: 3}
      propertyPath: m_Name
      value: MechaAnderson
      objectReference: {fileID: 0}
    - target: {fileID: 544358742948829201, guid: 6d3e6756102541449b7a3014e0df9bcd,
        type: 3}
      propertyPath: m_IsActive
      value: 1
      objectReference: {fileID: 0}
    - target: {fileID: 544358742948829202, guid: 6d3e6756102541449b7a3014e0df9bcd,
        type: 3}
      propertyPath: m_LocalPosition.x
      value: 13
      objectReference: {fileID: 0}
    - target: {fileID: 544358742948829202, guid: 6d3e6756102541449b7a3014e0df9bcd,
        type: 3}
      propertyPath: m_LocalPosition.y
      value: 0
      objectReference: {fileID: 0}
    - target: {fileID: 544358742948829202, guid: 6d3e6756102541449b7a3014e0df9bcd,
        type: 3}
      propertyPath: m_LocalPosition.z
      value: 4
      objectReference: {fileID: 0}
    - target: {fileID: 544358742948829202, guid: 6d3e6756102541449b7a3014e0df9bcd,
        type: 3}
      propertyPath: m_LocalRotation.x
      value: -0
      objectReference: {fileID: 0}
    - target: {fileID: 544358742948829202, guid: 6d3e6756102541449b7a3014e0df9bcd,
        type: 3}
      propertyPath: m_LocalRotation.y
      value: -0
      objectReference: {fileID: 0}
    - target: {fileID: 544358742948829202, guid: 6d3e6756102541449b7a3014e0df9bcd,
        type: 3}
      propertyPath: m_LocalRotation.z
      value: -0
      objectReference: {fileID: 0}
    - target: {fileID: 544358742948829202, guid: 6d3e6756102541449b7a3014e0df9bcd,
        type: 3}
      propertyPath: m_LocalRotation.w
      value: 1
      objectReference: {fileID: 0}
    - target: {fileID: 544358742948829202, guid: 6d3e6756102541449b7a3014e0df9bcd,
        type: 3}
      propertyPath: m_RootOrder
      value: 9
      objectReference: {fileID: 0}
    - target: {fileID: 544358742948829202, guid: 6d3e6756102541449b7a3014e0df9bcd,
        type: 3}
      propertyPath: m_LocalEulerAnglesHint.x
      value: 0
      objectReference: {fileID: 0}
    - target: {fileID: 544358742948829202, guid: 6d3e6756102541449b7a3014e0df9bcd,
        type: 3}
      propertyPath: m_LocalEulerAnglesHint.y
      value: 0
      objectReference: {fileID: 0}
    - target: {fileID: 544358742948829202, guid: 6d3e6756102541449b7a3014e0df9bcd,
        type: 3}
      propertyPath: m_LocalEulerAnglesHint.z
      value: 0
      objectReference: {fileID: 0}
    m_RemovedComponents: []
  m_SourcePrefab: {fileID: 100100000, guid: 6d3e6756102541449b7a3014e0df9bcd, type: 3}
--- !u!4 &2386208237456602714 stripped
Transform:
  m_CorrespondingSourceObject: {fileID: 544358742948829202, guid: 6d3e6756102541449b7a3014e0df9bcd,
    type: 3}
  m_PrefabInstance: {fileID: 2778845058913398344}
  m_PrefabAsset: {fileID: 0}
--- !u!1001 &2778845059029760424
PrefabInstance:
  m_ObjectHideFlags: 0
  serializedVersion: 2
  m_Modification:
    m_TransformParent: {fileID: 2778845058792018197}
    m_Modifications:
    - target: {fileID: 544358742948829201, guid: 6d3e6756102541449b7a3014e0df9bcd,
        type: 3}
      propertyPath: m_Name
      value: MechaAnderson
      objectReference: {fileID: 0}
    - target: {fileID: 544358742948829201, guid: 6d3e6756102541449b7a3014e0df9bcd,
        type: 3}
      propertyPath: m_IsActive
      value: 1
      objectReference: {fileID: 0}
    - target: {fileID: 544358742948829202, guid: 6d3e6756102541449b7a3014e0df9bcd,
        type: 3}
      propertyPath: m_LocalPosition.x
      value: 21
      objectReference: {fileID: 0}
    - target: {fileID: 544358742948829202, guid: 6d3e6756102541449b7a3014e0df9bcd,
        type: 3}
      propertyPath: m_LocalPosition.y
      value: 0
      objectReference: {fileID: 0}
    - target: {fileID: 544358742948829202, guid: 6d3e6756102541449b7a3014e0df9bcd,
        type: 3}
      propertyPath: m_LocalPosition.z
      value: 21
      objectReference: {fileID: 0}
    - target: {fileID: 544358742948829202, guid: 6d3e6756102541449b7a3014e0df9bcd,
        type: 3}
      propertyPath: m_LocalRotation.x
      value: -0
      objectReference: {fileID: 0}
    - target: {fileID: 544358742948829202, guid: 6d3e6756102541449b7a3014e0df9bcd,
        type: 3}
      propertyPath: m_LocalRotation.y
      value: -0
      objectReference: {fileID: 0}
    - target: {fileID: 544358742948829202, guid: 6d3e6756102541449b7a3014e0df9bcd,
        type: 3}
      propertyPath: m_LocalRotation.z
      value: -0
      objectReference: {fileID: 0}
    - target: {fileID: 544358742948829202, guid: 6d3e6756102541449b7a3014e0df9bcd,
        type: 3}
      propertyPath: m_LocalRotation.w
      value: 1
      objectReference: {fileID: 0}
    - target: {fileID: 544358742948829202, guid: 6d3e6756102541449b7a3014e0df9bcd,
        type: 3}
      propertyPath: m_RootOrder
      value: 5
      objectReference: {fileID: 0}
    - target: {fileID: 544358742948829202, guid: 6d3e6756102541449b7a3014e0df9bcd,
        type: 3}
      propertyPath: m_LocalEulerAnglesHint.x
      value: 0
      objectReference: {fileID: 0}
    - target: {fileID: 544358742948829202, guid: 6d3e6756102541449b7a3014e0df9bcd,
        type: 3}
      propertyPath: m_LocalEulerAnglesHint.y
      value: 0
      objectReference: {fileID: 0}
    - target: {fileID: 544358742948829202, guid: 6d3e6756102541449b7a3014e0df9bcd,
        type: 3}
      propertyPath: m_LocalEulerAnglesHint.z
      value: 0
      objectReference: {fileID: 0}
    m_RemovedComponents: []
  m_SourcePrefab: {fileID: 100100000, guid: 6d3e6756102541449b7a3014e0df9bcd, type: 3}
--- !u!4 &2386208237336043962 stripped
Transform:
  m_CorrespondingSourceObject: {fileID: 544358742948829202, guid: 6d3e6756102541449b7a3014e0df9bcd,
    type: 3}
  m_PrefabInstance: {fileID: 2778845059029760424}
  m_PrefabAsset: {fileID: 0}
--- !u!1001 &2778845059522060873
PrefabInstance:
  m_ObjectHideFlags: 0
  serializedVersion: 2
  m_Modification:
    m_TransformParent: {fileID: 2778845058792018197}
    m_Modifications:
    - target: {fileID: 544358742948829201, guid: 6d3e6756102541449b7a3014e0df9bcd,
        type: 3}
      propertyPath: m_Name
      value: MechaAnderson
      objectReference: {fileID: 0}
    - target: {fileID: 544358742948829201, guid: 6d3e6756102541449b7a3014e0df9bcd,
        type: 3}
      propertyPath: m_IsActive
      value: 1
      objectReference: {fileID: 0}
    - target: {fileID: 544358742948829202, guid: 6d3e6756102541449b7a3014e0df9bcd,
        type: 3}
      propertyPath: m_LocalPosition.x
      value: 13
      objectReference: {fileID: 0}
    - target: {fileID: 544358742948829202, guid: 6d3e6756102541449b7a3014e0df9bcd,
        type: 3}
      propertyPath: m_LocalPosition.y
      value: 0
      objectReference: {fileID: 0}
    - target: {fileID: 544358742948829202, guid: 6d3e6756102541449b7a3014e0df9bcd,
        type: 3}
      propertyPath: m_LocalPosition.z
      value: 18
      objectReference: {fileID: 0}
    - target: {fileID: 544358742948829202, guid: 6d3e6756102541449b7a3014e0df9bcd,
        type: 3}
      propertyPath: m_LocalRotation.x
      value: -0
      objectReference: {fileID: 0}
    - target: {fileID: 544358742948829202, guid: 6d3e6756102541449b7a3014e0df9bcd,
        type: 3}
      propertyPath: m_LocalRotation.y
      value: -0
      objectReference: {fileID: 0}
    - target: {fileID: 544358742948829202, guid: 6d3e6756102541449b7a3014e0df9bcd,
        type: 3}
      propertyPath: m_LocalRotation.z
      value: -0
      objectReference: {fileID: 0}
    - target: {fileID: 544358742948829202, guid: 6d3e6756102541449b7a3014e0df9bcd,
        type: 3}
      propertyPath: m_LocalRotation.w
      value: 1
      objectReference: {fileID: 0}
    - target: {fileID: 544358742948829202, guid: 6d3e6756102541449b7a3014e0df9bcd,
        type: 3}
      propertyPath: m_RootOrder
      value: 2
      objectReference: {fileID: 0}
    - target: {fileID: 544358742948829202, guid: 6d3e6756102541449b7a3014e0df9bcd,
        type: 3}
      propertyPath: m_LocalEulerAnglesHint.x
      value: 0
      objectReference: {fileID: 0}
    - target: {fileID: 544358742948829202, guid: 6d3e6756102541449b7a3014e0df9bcd,
        type: 3}
      propertyPath: m_LocalEulerAnglesHint.y
      value: 0
      objectReference: {fileID: 0}
    - target: {fileID: 544358742948829202, guid: 6d3e6756102541449b7a3014e0df9bcd,
        type: 3}
      propertyPath: m_LocalEulerAnglesHint.z
      value: 0
      objectReference: {fileID: 0}
    m_RemovedComponents: []
  m_SourcePrefab: {fileID: 100100000, guid: 6d3e6756102541449b7a3014e0df9bcd, type: 3}
--- !u!4 &2386208236848986715 stripped
Transform:
  m_CorrespondingSourceObject: {fileID: 544358742948829202, guid: 6d3e6756102541449b7a3014e0df9bcd,
    type: 3}
  m_PrefabInstance: {fileID: 2778845059522060873}
  m_PrefabAsset: {fileID: 0}
--- !u!1001 &2778845059650484395
PrefabInstance:
  m_ObjectHideFlags: 0
  serializedVersion: 2
  m_Modification:
    m_TransformParent: {fileID: 2778845058792018197}
    m_Modifications:
    - target: {fileID: 544358742948829201, guid: aa70be271a19b764397edf6d7276d350,
        type: 3}
      propertyPath: m_Name
      value: OldMan
      objectReference: {fileID: 0}
    - target: {fileID: 544358742948829202, guid: aa70be271a19b764397edf6d7276d350,
        type: 3}
      propertyPath: m_LocalPosition.x
      value: 13
      objectReference: {fileID: 0}
    - target: {fileID: 544358742948829202, guid: aa70be271a19b764397edf6d7276d350,
        type: 3}
      propertyPath: m_LocalPosition.y
      value: 0
      objectReference: {fileID: 0}
    - target: {fileID: 544358742948829202, guid: aa70be271a19b764397edf6d7276d350,
        type: 3}
      propertyPath: m_LocalPosition.z
      value: 26
      objectReference: {fileID: 0}
    - target: {fileID: 544358742948829202, guid: aa70be271a19b764397edf6d7276d350,
        type: 3}
      propertyPath: m_LocalRotation.x
      value: -0
      objectReference: {fileID: 0}
    - target: {fileID: 544358742948829202, guid: aa70be271a19b764397edf6d7276d350,
        type: 3}
      propertyPath: m_LocalRotation.y
      value: -0
      objectReference: {fileID: 0}
    - target: {fileID: 544358742948829202, guid: aa70be271a19b764397edf6d7276d350,
        type: 3}
      propertyPath: m_LocalRotation.z
      value: -0
      objectReference: {fileID: 0}
    - target: {fileID: 544358742948829202, guid: aa70be271a19b764397edf6d7276d350,
        type: 3}
      propertyPath: m_LocalRotation.w
      value: 1
      objectReference: {fileID: 0}
    - target: {fileID: 544358742948829202, guid: aa70be271a19b764397edf6d7276d350,
        type: 3}
      propertyPath: m_RootOrder
      value: 17
      objectReference: {fileID: 0}
    - target: {fileID: 544358742948829202, guid: aa70be271a19b764397edf6d7276d350,
        type: 3}
      propertyPath: m_LocalEulerAnglesHint.x
      value: 0
      objectReference: {fileID: 0}
    - target: {fileID: 544358742948829202, guid: aa70be271a19b764397edf6d7276d350,
        type: 3}
      propertyPath: m_LocalEulerAnglesHint.y
      value: 0
      objectReference: {fileID: 0}
    - target: {fileID: 544358742948829202, guid: aa70be271a19b764397edf6d7276d350,
        type: 3}
      propertyPath: m_LocalEulerAnglesHint.z
      value: 0
      objectReference: {fileID: 0}
    m_RemovedComponents: []
  m_SourcePrefab: {fileID: 100100000, guid: aa70be271a19b764397edf6d7276d350, type: 3}
--- !u!4 &2386208236715319481 stripped
Transform:
  m_CorrespondingSourceObject: {fileID: 544358742948829202, guid: aa70be271a19b764397edf6d7276d350,
    type: 3}
  m_PrefabInstance: {fileID: 2778845059650484395}
  m_PrefabAsset: {fileID: 0}
--- !u!1001 &2778845059693000596
PrefabInstance:
  m_ObjectHideFlags: 0
  serializedVersion: 2
  m_Modification:
    m_TransformParent: {fileID: 2778845058792018197}
    m_Modifications:
    - target: {fileID: 544358742948829201, guid: 6d3e6756102541449b7a3014e0df9bcd,
        type: 3}
      propertyPath: m_Name
      value: MechaAnderson
      objectReference: {fileID: 0}
    - target: {fileID: 544358742948829201, guid: 6d3e6756102541449b7a3014e0df9bcd,
        type: 3}
      propertyPath: m_IsActive
      value: 1
      objectReference: {fileID: 0}
    - target: {fileID: 544358742948829202, guid: 6d3e6756102541449b7a3014e0df9bcd,
        type: 3}
      propertyPath: m_LocalPosition.x
      value: 14
      objectReference: {fileID: 0}
    - target: {fileID: 544358742948829202, guid: 6d3e6756102541449b7a3014e0df9bcd,
        type: 3}
      propertyPath: m_LocalPosition.y
      value: 0
      objectReference: {fileID: 0}
    - target: {fileID: 544358742948829202, guid: 6d3e6756102541449b7a3014e0df9bcd,
        type: 3}
      propertyPath: m_LocalPosition.z
      value: 6
      objectReference: {fileID: 0}
    - target: {fileID: 544358742948829202, guid: 6d3e6756102541449b7a3014e0df9bcd,
        type: 3}
      propertyPath: m_LocalRotation.x
      value: -0
      objectReference: {fileID: 0}
    - target: {fileID: 544358742948829202, guid: 6d3e6756102541449b7a3014e0df9bcd,
        type: 3}
      propertyPath: m_LocalRotation.y
      value: -0
      objectReference: {fileID: 0}
    - target: {fileID: 544358742948829202, guid: 6d3e6756102541449b7a3014e0df9bcd,
        type: 3}
      propertyPath: m_LocalRotation.z
      value: -0
      objectReference: {fileID: 0}
    - target: {fileID: 544358742948829202, guid: 6d3e6756102541449b7a3014e0df9bcd,
        type: 3}
      propertyPath: m_LocalRotation.w
      value: 1
      objectReference: {fileID: 0}
    - target: {fileID: 544358742948829202, guid: 6d3e6756102541449b7a3014e0df9bcd,
        type: 3}
      propertyPath: m_RootOrder
      value: 10
      objectReference: {fileID: 0}
    - target: {fileID: 544358742948829202, guid: 6d3e6756102541449b7a3014e0df9bcd,
        type: 3}
      propertyPath: m_LocalEulerAnglesHint.x
      value: 0
      objectReference: {fileID: 0}
    - target: {fileID: 544358742948829202, guid: 6d3e6756102541449b7a3014e0df9bcd,
        type: 3}
      propertyPath: m_LocalEulerAnglesHint.y
      value: 0
      objectReference: {fileID: 0}
    - target: {fileID: 544358742948829202, guid: 6d3e6756102541449b7a3014e0df9bcd,
        type: 3}
      propertyPath: m_LocalEulerAnglesHint.z
      value: 0
      objectReference: {fileID: 0}
    m_RemovedComponents: []
  m_SourcePrefab: {fileID: 100100000, guid: 6d3e6756102541449b7a3014e0df9bcd, type: 3}
--- !u!4 &2386208236673855366 stripped
Transform:
  m_CorrespondingSourceObject: {fileID: 544358742948829202, guid: 6d3e6756102541449b7a3014e0df9bcd,
    type: 3}
  m_PrefabInstance: {fileID: 2778845059693000596}
  m_PrefabAsset: {fileID: 0}
--- !u!1001 &2778845059872916401
PrefabInstance:
  m_ObjectHideFlags: 0
  serializedVersion: 2
  m_Modification:
    m_TransformParent: {fileID: 2778845058792018197}
    m_Modifications:
    - target: {fileID: 544358742948829201, guid: 6d3e6756102541449b7a3014e0df9bcd,
        type: 3}
      propertyPath: m_Name
      value: MechaAnderson
      objectReference: {fileID: 0}
    - target: {fileID: 544358742948829201, guid: 6d3e6756102541449b7a3014e0df9bcd,
        type: 3}
      propertyPath: m_IsActive
      value: 1
      objectReference: {fileID: 0}
    - target: {fileID: 544358742948829202, guid: 6d3e6756102541449b7a3014e0df9bcd,
        type: 3}
      propertyPath: m_LocalPosition.x
      value: 21
      objectReference: {fileID: 0}
    - target: {fileID: 544358742948829202, guid: 6d3e6756102541449b7a3014e0df9bcd,
        type: 3}
      propertyPath: m_LocalPosition.y
      value: 0
      objectReference: {fileID: 0}
    - target: {fileID: 544358742948829202, guid: 6d3e6756102541449b7a3014e0df9bcd,
        type: 3}
      propertyPath: m_LocalPosition.z
      value: 6
      objectReference: {fileID: 0}
    - target: {fileID: 544358742948829202, guid: 6d3e6756102541449b7a3014e0df9bcd,
        type: 3}
      propertyPath: m_LocalRotation.x
      value: -0
      objectReference: {fileID: 0}
    - target: {fileID: 544358742948829202, guid: 6d3e6756102541449b7a3014e0df9bcd,
        type: 3}
      propertyPath: m_LocalRotation.y
      value: -0
      objectReference: {fileID: 0}
    - target: {fileID: 544358742948829202, guid: 6d3e6756102541449b7a3014e0df9bcd,
        type: 3}
      propertyPath: m_LocalRotation.z
      value: -0
      objectReference: {fileID: 0}
    - target: {fileID: 544358742948829202, guid: 6d3e6756102541449b7a3014e0df9bcd,
        type: 3}
      propertyPath: m_LocalRotation.w
      value: 1
      objectReference: {fileID: 0}
    - target: {fileID: 544358742948829202, guid: 6d3e6756102541449b7a3014e0df9bcd,
        type: 3}
      propertyPath: m_RootOrder
      value: 14
      objectReference: {fileID: 0}
    - target: {fileID: 544358742948829202, guid: 6d3e6756102541449b7a3014e0df9bcd,
        type: 3}
      propertyPath: m_LocalEulerAnglesHint.x
      value: 0
      objectReference: {fileID: 0}
    - target: {fileID: 544358742948829202, guid: 6d3e6756102541449b7a3014e0df9bcd,
        type: 3}
      propertyPath: m_LocalEulerAnglesHint.y
      value: 0
      objectReference: {fileID: 0}
    - target: {fileID: 544358742948829202, guid: 6d3e6756102541449b7a3014e0df9bcd,
        type: 3}
      propertyPath: m_LocalEulerAnglesHint.z
      value: 0
      objectReference: {fileID: 0}
    m_RemovedComponents: []
  m_SourcePrefab: {fileID: 100100000, guid: 6d3e6756102541449b7a3014e0df9bcd, type: 3}
--- !u!4 &2386208236492872611 stripped
Transform:
  m_CorrespondingSourceObject: {fileID: 544358742948829202, guid: 6d3e6756102541449b7a3014e0df9bcd,
    type: 3}
  m_PrefabInstance: {fileID: 2778845059872916401}
  m_PrefabAsset: {fileID: 0}
--- !u!1001 &2778845059928876669
PrefabInstance:
  m_ObjectHideFlags: 0
  serializedVersion: 2
  m_Modification:
    m_TransformParent: {fileID: 2778845058792018197}
    m_Modifications:
    - target: {fileID: 544358742948829201, guid: 6d3e6756102541449b7a3014e0df9bcd,
        type: 3}
      propertyPath: m_Name
      value: MechaAnderson
      objectReference: {fileID: 0}
    - target: {fileID: 544358742948829201, guid: 6d3e6756102541449b7a3014e0df9bcd,
        type: 3}
      propertyPath: m_IsActive
      value: 1
      objectReference: {fileID: 0}
    - target: {fileID: 544358742948829202, guid: 6d3e6756102541449b7a3014e0df9bcd,
        type: 3}
      propertyPath: m_LocalPosition.x
      value: 13
      objectReference: {fileID: 0}
    - target: {fileID: 544358742948829202, guid: 6d3e6756102541449b7a3014e0df9bcd,
        type: 3}
      propertyPath: m_LocalPosition.y
      value: 0
      objectReference: {fileID: 0}
    - target: {fileID: 544358742948829202, guid: 6d3e6756102541449b7a3014e0df9bcd,
        type: 3}
      propertyPath: m_LocalPosition.z
      value: 26
      objectReference: {fileID: 0}
    - target: {fileID: 544358742948829202, guid: 6d3e6756102541449b7a3014e0df9bcd,
        type: 3}
      propertyPath: m_LocalRotation.x
      value: -0
      objectReference: {fileID: 0}
    - target: {fileID: 544358742948829202, guid: 6d3e6756102541449b7a3014e0df9bcd,
        type: 3}
      propertyPath: m_LocalRotation.y
      value: -0
      objectReference: {fileID: 0}
    - target: {fileID: 544358742948829202, guid: 6d3e6756102541449b7a3014e0df9bcd,
        type: 3}
      propertyPath: m_LocalRotation.z
      value: -0
      objectReference: {fileID: 0}
    - target: {fileID: 544358742948829202, guid: 6d3e6756102541449b7a3014e0df9bcd,
        type: 3}
      propertyPath: m_LocalRotation.w
      value: 1
      objectReference: {fileID: 0}
    - target: {fileID: 544358742948829202, guid: 6d3e6756102541449b7a3014e0df9bcd,
        type: 3}
      propertyPath: m_RootOrder
      value: 4
      objectReference: {fileID: 0}
    - target: {fileID: 544358742948829202, guid: 6d3e6756102541449b7a3014e0df9bcd,
        type: 3}
      propertyPath: m_LocalEulerAnglesHint.x
      value: 0
      objectReference: {fileID: 0}
    - target: {fileID: 544358742948829202, guid: 6d3e6756102541449b7a3014e0df9bcd,
        type: 3}
      propertyPath: m_LocalEulerAnglesHint.y
      value: 0
      objectReference: {fileID: 0}
    - target: {fileID: 544358742948829202, guid: 6d3e6756102541449b7a3014e0df9bcd,
        type: 3}
      propertyPath: m_LocalEulerAnglesHint.z
      value: 0
      objectReference: {fileID: 0}
    m_RemovedComponents: []
  m_SourcePrefab: {fileID: 100100000, guid: 6d3e6756102541449b7a3014e0df9bcd, type: 3}
--- !u!4 &2386208236442173039 stripped
Transform:
  m_CorrespondingSourceObject: {fileID: 544358742948829202, guid: 6d3e6756102541449b7a3014e0df9bcd,
    type: 3}
  m_PrefabInstance: {fileID: 2778845059928876669}
  m_PrefabAsset: {fileID: 0}
--- !u!1001 &2778845060070208835
PrefabInstance:
  m_ObjectHideFlags: 0
  serializedVersion: 2
  m_Modification:
    m_TransformParent: {fileID: 2778845058792018197}
    m_Modifications:
    - target: {fileID: 544358742948829201, guid: 6d3e6756102541449b7a3014e0df9bcd,
        type: 3}
      propertyPath: m_Name
      value: MechaAnderson
      objectReference: {fileID: 0}
    - target: {fileID: 544358742948829201, guid: 6d3e6756102541449b7a3014e0df9bcd,
        type: 3}
      propertyPath: m_IsActive
      value: 1
      objectReference: {fileID: 0}
    - target: {fileID: 544358742948829202, guid: 6d3e6756102541449b7a3014e0df9bcd,
        type: 3}
      propertyPath: m_LocalPosition.x
      value: 19
      objectReference: {fileID: 0}
    - target: {fileID: 544358742948829202, guid: 6d3e6756102541449b7a3014e0df9bcd,
        type: 3}
      propertyPath: m_LocalPosition.y
      value: 0
      objectReference: {fileID: 0}
    - target: {fileID: 544358742948829202, guid: 6d3e6756102541449b7a3014e0df9bcd,
        type: 3}
      propertyPath: m_LocalPosition.z
      value: 13
      objectReference: {fileID: 0}
    - target: {fileID: 544358742948829202, guid: 6d3e6756102541449b7a3014e0df9bcd,
        type: 3}
      propertyPath: m_LocalRotation.x
      value: -0
      objectReference: {fileID: 0}
    - target: {fileID: 544358742948829202, guid: 6d3e6756102541449b7a3014e0df9bcd,
        type: 3}
      propertyPath: m_LocalRotation.y
      value: -0
      objectReference: {fileID: 0}
    - target: {fileID: 544358742948829202, guid: 6d3e6756102541449b7a3014e0df9bcd,
        type: 3}
      propertyPath: m_LocalRotation.z
      value: -0
      objectReference: {fileID: 0}
    - target: {fileID: 544358742948829202, guid: 6d3e6756102541449b7a3014e0df9bcd,
        type: 3}
      propertyPath: m_LocalRotation.w
      value: 1
      objectReference: {fileID: 0}
    - target: {fileID: 544358742948829202, guid: 6d3e6756102541449b7a3014e0df9bcd,
        type: 3}
      propertyPath: m_RootOrder
      value: 11
      objectReference: {fileID: 0}
    - target: {fileID: 544358742948829202, guid: 6d3e6756102541449b7a3014e0df9bcd,
        type: 3}
      propertyPath: m_LocalEulerAnglesHint.x
      value: 0
      objectReference: {fileID: 0}
    - target: {fileID: 544358742948829202, guid: 6d3e6756102541449b7a3014e0df9bcd,
        type: 3}
      propertyPath: m_LocalEulerAnglesHint.y
      value: 0
      objectReference: {fileID: 0}
    - target: {fileID: 544358742948829202, guid: 6d3e6756102541449b7a3014e0df9bcd,
        type: 3}
      propertyPath: m_LocalEulerAnglesHint.z
      value: 0
      objectReference: {fileID: 0}
    m_RemovedComponents: []
  m_SourcePrefab: {fileID: 100100000, guid: 6d3e6756102541449b7a3014e0df9bcd, type: 3}
--- !u!4 &2386208236295597393 stripped
Transform:
  m_CorrespondingSourceObject: {fileID: 544358742948829202, guid: 6d3e6756102541449b7a3014e0df9bcd,
    type: 3}
  m_PrefabInstance: {fileID: 2778845060070208835}
  m_PrefabAsset: {fileID: 0}
--- !u!1001 &2778845060133261951
PrefabInstance:
  m_ObjectHideFlags: 0
  serializedVersion: 2
  m_Modification:
    m_TransformParent: {fileID: 2778845058792018197}
    m_Modifications:
    - target: {fileID: 544358742948829201, guid: 6d3e6756102541449b7a3014e0df9bcd,
        type: 3}
      propertyPath: m_Name
      value: MechaAnderson
      objectReference: {fileID: 0}
    - target: {fileID: 544358742948829201, guid: 6d3e6756102541449b7a3014e0df9bcd,
        type: 3}
      propertyPath: m_IsActive
      value: 1
      objectReference: {fileID: 0}
    - target: {fileID: 544358742948829202, guid: 6d3e6756102541449b7a3014e0df9bcd,
        type: 3}
      propertyPath: m_LocalPosition.x
      value: 10
      objectReference: {fileID: 0}
    - target: {fileID: 544358742948829202, guid: 6d3e6756102541449b7a3014e0df9bcd,
        type: 3}
      propertyPath: m_LocalPosition.y
      value: 0
      objectReference: {fileID: 0}
    - target: {fileID: 544358742948829202, guid: 6d3e6756102541449b7a3014e0df9bcd,
        type: 3}
      propertyPath: m_LocalPosition.z
      value: 4
      objectReference: {fileID: 0}
    - target: {fileID: 544358742948829202, guid: 6d3e6756102541449b7a3014e0df9bcd,
        type: 3}
      propertyPath: m_LocalRotation.x
      value: -0
      objectReference: {fileID: 0}
    - target: {fileID: 544358742948829202, guid: 6d3e6756102541449b7a3014e0df9bcd,
        type: 3}
      propertyPath: m_LocalRotation.y
      value: -0
      objectReference: {fileID: 0}
    - target: {fileID: 544358742948829202, guid: 6d3e6756102541449b7a3014e0df9bcd,
        type: 3}
      propertyPath: m_LocalRotation.z
      value: -0
      objectReference: {fileID: 0}
    - target: {fileID: 544358742948829202, guid: 6d3e6756102541449b7a3014e0df9bcd,
        type: 3}
      propertyPath: m_LocalRotation.w
      value: 1
      objectReference: {fileID: 0}
    - target: {fileID: 544358742948829202, guid: 6d3e6756102541449b7a3014e0df9bcd,
        type: 3}
      propertyPath: m_RootOrder
      value: 8
      objectReference: {fileID: 0}
    - target: {fileID: 544358742948829202, guid: 6d3e6756102541449b7a3014e0df9bcd,
        type: 3}
      propertyPath: m_LocalEulerAnglesHint.x
      value: 0
      objectReference: {fileID: 0}
    - target: {fileID: 544358742948829202, guid: 6d3e6756102541449b7a3014e0df9bcd,
        type: 3}
      propertyPath: m_LocalEulerAnglesHint.y
      value: 0
      objectReference: {fileID: 0}
    - target: {fileID: 544358742948829202, guid: 6d3e6756102541449b7a3014e0df9bcd,
        type: 3}
      propertyPath: m_LocalEulerAnglesHint.z
      value: 0
      objectReference: {fileID: 0}
    m_RemovedComponents: []
  m_SourcePrefab: {fileID: 100100000, guid: 6d3e6756102541449b7a3014e0df9bcd, type: 3}
--- !u!4 &2386208236232526445 stripped
Transform:
  m_CorrespondingSourceObject: {fileID: 544358742948829202, guid: 6d3e6756102541449b7a3014e0df9bcd,
    type: 3}
  m_PrefabInstance: {fileID: 2778845060133261951}
  m_PrefabAsset: {fileID: 0}
--- !u!1001 &2778845060170270850
PrefabInstance:
  m_ObjectHideFlags: 0
  serializedVersion: 2
  m_Modification:
    m_TransformParent: {fileID: 2778845058792018197}
    m_Modifications:
    - target: {fileID: 544358742948829201, guid: 6d3e6756102541449b7a3014e0df9bcd,
        type: 3}
      propertyPath: m_Name
      value: MechaAnderson
      objectReference: {fileID: 0}
    - target: {fileID: 544358742948829201, guid: 6d3e6756102541449b7a3014e0df9bcd,
        type: 3}
      propertyPath: m_IsActive
      value: 1
      objectReference: {fileID: 0}
    - target: {fileID: 544358742948829202, guid: 6d3e6756102541449b7a3014e0df9bcd,
        type: 3}
      propertyPath: m_LocalPosition.x
      value: 18
      objectReference: {fileID: 0}
    - target: {fileID: 544358742948829202, guid: 6d3e6756102541449b7a3014e0df9bcd,
        type: 3}
      propertyPath: m_LocalPosition.y
      value: 0
      objectReference: {fileID: 0}
    - target: {fileID: 544358742948829202, guid: 6d3e6756102541449b7a3014e0df9bcd,
        type: 3}
      propertyPath: m_LocalPosition.z
      value: 2
      objectReference: {fileID: 0}
    - target: {fileID: 544358742948829202, guid: 6d3e6756102541449b7a3014e0df9bcd,
        type: 3}
      propertyPath: m_LocalRotation.x
      value: -0
      objectReference: {fileID: 0}
    - target: {fileID: 544358742948829202, guid: 6d3e6756102541449b7a3014e0df9bcd,
        type: 3}
      propertyPath: m_LocalRotation.y
      value: -0
      objectReference: {fileID: 0}
    - target: {fileID: 544358742948829202, guid: 6d3e6756102541449b7a3014e0df9bcd,
        type: 3}
      propertyPath: m_LocalRotation.z
      value: -0
      objectReference: {fileID: 0}
    - target: {fileID: 544358742948829202, guid: 6d3e6756102541449b7a3014e0df9bcd,
        type: 3}
      propertyPath: m_LocalRotation.w
      value: 1
      objectReference: {fileID: 0}
    - target: {fileID: 544358742948829202, guid: 6d3e6756102541449b7a3014e0df9bcd,
        type: 3}
      propertyPath: m_RootOrder
      value: 12
      objectReference: {fileID: 0}
    - target: {fileID: 544358742948829202, guid: 6d3e6756102541449b7a3014e0df9bcd,
        type: 3}
      propertyPath: m_LocalEulerAnglesHint.x
      value: 0
      objectReference: {fileID: 0}
    - target: {fileID: 544358742948829202, guid: 6d3e6756102541449b7a3014e0df9bcd,
        type: 3}
      propertyPath: m_LocalEulerAnglesHint.y
      value: 0
      objectReference: {fileID: 0}
    - target: {fileID: 544358742948829202, guid: 6d3e6756102541449b7a3014e0df9bcd,
        type: 3}
      propertyPath: m_LocalEulerAnglesHint.z
      value: 0
      objectReference: {fileID: 0}
    m_RemovedComponents: []
  m_SourcePrefab: {fileID: 100100000, guid: 6d3e6756102541449b7a3014e0df9bcd, type: 3}
--- !u!4 &2386208236196565136 stripped
Transform:
  m_CorrespondingSourceObject: {fileID: 544358742948829202, guid: 6d3e6756102541449b7a3014e0df9bcd,
    type: 3}
  m_PrefabInstance: {fileID: 2778845060170270850}
  m_PrefabAsset: {fileID: 0}
